@ONLINE{online:alsacreations,
	author = {JSON},
	title = {Présentation de JSON},
	url = {http://www.json.org/json-fr.html},
	month = jun,
	year = {2012},
}

@ONLINE{online:RayWenderlich,
	author = {Ray Wenderlich},
	title = {Blog de Ray Wenderlich},
	url = {http://www.raywenderlich.com/5138/beginning-storyboards-in-ios-5-part-1},
	month = jun,
	year = {2012},
}

@ONLINE{online:LongWeekendLLC,
	author = {Long Weekend LLC},
	title = {the long weekend website},
	url = {http://longweekendmobile.com/2011/09/07/objc-automatic-reference-counting-in-xcode-explained},
	month = jun,
	year = {2012},
}

@ONLINE{online:otierney,
	author = {otierney},
	title = {otierney},
	url = {http://www.otierney.net/objective-c.html},
	month = jun,
	year = {2012},
}

@ONLINE{online:avfoundation,
	author = {Apple},
	title = {AV Foundation Programming Guide},
	url = {https://developer.apple.com/library/ios/#documentation/AudioVideo/Conceptual/AVFoundationPG/Articles/04_MediaCapture.html},
	month = jun,
	year = {2012},
}

@ONLINE{online:wikidrop,
	author = {Wikipedia},
	title = {Dropbox},
	url = {http://fr.wikipedia.org/wiki/Dropbox},
	month = jun,
	year = {2012},
}

@ONLINE{online:dropapi,
	author = {Dropbox},
	title = {Dropbox for developers},
	url = {https://www.dropbox.com/developers},
	month = jun,
	year = {2012},
}

@ONLINE{online:iosimagepickercontroller,
	author = {Apple},
	title = {UIImagePickerController Class Reference},
	url = {http://developer.apple.com/library/ios/#documentation/uikit/reference/UIImagePickerController_Class/UIImagePickerController/UIImagePickerController.html},
	month = jun,
	year = {2012},
}

@ONLINE{online:iosimagepickerdelegate,
	author = {Apple},
	title = {UIImagePickerControllerDelegate Protocol Reference},
	url = {http://developer.apple.com/library/ios/#documentation/uikit/reference/UIImagePickerControllerDelegate_Protocol/UIImagePickerControllerDelegate/UIImagePickerControllerDelegate.html},
	month = jun,
	year = {2012},
}

@ONLINE{online:nsuserdefaults,
	author = {Apple},
	title = {NSUserDefaults Class Reference},
	url = {https://developer.apple.com/library/mac/#documentation/Cocoa/Reference/Foundation/Classes/nsuserdefaults_Class/Reference/Reference.html},
	month = jun,
	year = {2012},
}

@ONLINE{online:iosbundle,
	author = {Apple},
	title = {Preferences and Settings Programming Guide},
	url = {http://developer.apple.com/library/ios/#documentation/cocoa/Conceptual/UserDefaults/Preferences/Preferences.html},
	month = jun,
	year = {2012},
}

@ONLINE{online:jsonorg,
	author = {JSON},
	title = {Site d'explication JSON},
	url = {http://www.json.org/},
	month = jun,
	year = {2012},
}

@ONLINE{online:sbjson,
	author = {SBJson},
	title = {SBJson Documentation},
	url = {http://stig.github.com/json-framework/api/3.1},
	month = jun,
	year = {2012},
}

@ONLINE{online:sbjsonproject,
	author = {deshartman},
	title = {Blog de l'auteur},
	url = {http://deshartman.wordpress.com/2011/09/02/configuring-sbjson-framework-for-xcode-4-2},
	month = jun,
	year = {2012},
}

@ONLINE{online:objectify,
	author = {Kevin Callahan},
	title = {Objectify for Mac},
	url = {http://tigerbears.com/objectify},
	month = jun,
	year = {2012},
}

@ONLINE{online:jpadoudou,
	author = {JM Doudoux},
	title = {JPA},
	url = {http://www.jmdoudoux.fr/java/dej/chap-jpa.htm},
	month = jun,
	year = {2012},
}

@ONLINE{online:eclipse:mavensubclipse,
	author = {Sonatype},
	title = {Maven Integration for Subclipse},
	url = {https://repository.sonatype.org/content/sites/forge-sites/m2eclipse-subclipse/0.13.0/N/0.13.0.201107071330/},
	month = jun,
	year = {2012},
}

@ONLINE{online:eclipse:subversive,
	author = {Subversive},
	title = {Subversive Site},
	url = {http://download.eclipse.org/technology/subversive/0.7/update-site/},
	month = jun,
	year = {2012},
}

@ONLINE{online:eclipse:scm,
	author = {Sonatype},
	title = {Maven SCM Handler for Subversive},
	url = {https://repository.sonatype.org/content/sites/forge-sites/m2eclipse-subversive/0.13.0/N/0.13.0.201106211115/},
	month = jun,
	year = {2012},
}

@ONLINE{online:restkit,
	author = {RestKit},
	title = {Objective-C framework for iOS},
	url = {http://restkit.org/},
	month = jun,
	year = {2012},
}

@ONLINE{online:forge,
	author = {Forge},
	title = {Forge},
	url = {https://forge.tic.eia-fr.ch/},
	month = jul,
	year = {2012},
}

@ONLINE{online:forge:spec,
	author = {Forge},
	title = {Forge - Cahier des charges},
	url = {https://forge.tic.eia-fr.ch/documents/899},
	month = jul,
	year = {2012},
}

@ONLINE{online:forge:planfin,
	author = {Forge},
	title = {Forge - Planification finale},
	url = {https://forge.tic.eia-fr.ch/attachments/download/3447/planning_final.pdf},
	month = jul,
	year = {2012},
}

@ONLINE{online:forge:plan,
	author = {Forge},
	title = {Forge - Planification},
	url = {https://forge.tic.eia-fr.ch/documents/898},
	month = jul,
	year = {2012},
}

@ONLINE{online:forge:pv,
	author = {Forge},
	title = {Forge - PV},
	url = {https://forge.tic.eia-fr.ch/documents/913},
	month = jul,
	year = {2012},
}

@ONLINE{online:forge:rapport,
	author = {Forge},
	title = {Forge - Rapport},
	url = {https://forge.tic.eia-fr.ch/documents/914},
	month = jul,
	year = {2012},
}

@ONLINE{online:forge:wiki,
	author = {Forge},
	title = {Forge - Journal de bord},
	url = {https://forge.tic.eia-fr.ch/projects/igreencontrol/wiki},
	month = jul,
	year = {2012},
}

@ONLINE{online:forge:greenit1,
	author = {Bibliothèque municipale de Lyon},
	title = {L’informatique verte ou « Green IT » : la nouvelle tendance},
	url = {http://www.pointsdactu.org/article.php3?id_article=1093},
	month = jul,
	year = {2012},
}
@ONLINE{online:wiki:green,
	author = {Wikipedia},
	title = {Green computing},
	url = {http://fr.wikipedia.org/wiki/Green_computing},
	month = jul,
	year = {2012},
}

@ONLINE{online:apple:green,
	author = {Apple},
	title = {MacBook Pro and the Environment},
	url = {http://www.apple.com/macbook-pro/specs/13-and-15-inch},
	month = jul,
	year = {2012},
}




